<?xml version="1.0" encoding="UTF-8"?><collection xmlns="http://www.loc.gov/MARC21/slim"><record><leader>00409nam--2200121-i-4500</leader><controlfield tag="001">000042161</controlfield><controlfield tag="002">20161230</controlfield><controlfield tag="005">20161230201043</controlfield><controlfield tag="008">060222s1000------------r-----000-0-eng-d</controlfield><datafield ind1=" " ind2=" " tag="080"><subfield code="a">669.017.3(075.9)</subfield></datafield><datafield ind1=" " ind2=" " tag="245"><subfield code="a">Solid state phase transformations in metals and alloys. ecole d`ete d`aussois 3-15 sept.1978. patronnee par la societe francaise de ph</subfield></datafield><datafield ind1=" " ind2=" " tag="260"><subfield code="a">Orsay, Les Ed.De Ph.,1980. Viii+705 P</subfield></datafield><datafield ind1=" " ind2=" " tag="852"><subfield code="a">49163</subfield></datafield></record></collection>